@article{silberschatz2011database,
  title={Database system concepts},
  author={Silberschatz, Abraham and Korth, Henry F and Sudarshan, Shashank},
  year={2011},
  publisher={McGraw-Hill Education}
}